<record xmlns="http://www.loc.gov/MARC21/slim" xmlns:xsi="http://www.w3.org/2001/XMLSchema-instance" xsi:schemaLocation="http://www.loc.gov/MARC21/slim http://www.loc.gov/standards/marcxml/schema/MARC21slim.xsd"><leader>     nam a22        4500</leader><controlfield tag="001">1015398</controlfield><controlfield tag="003">NIC</controlfield><controlfield tag="006">m        d        </controlfield><controlfield tag="007">cr cn |||m|||a</controlfield><controlfield tag="008">150316q19801989ir      o     000 0 ara d</controlfield><datafield ind1=" " ind2=" " tag="040"><subfield code="a">NNU</subfield><subfield code="b">eng</subfield><subfield code="c">NNU</subfield></datafield><datafield ind1="1" ind2=" " tag="100"><subfield code="a">Ibn T&#803;a&#772;wu&#772;s, &#699;Ali&#772; ibn Mu&#772;sa&#769;,</subfield><subfield code="d">1193-1266.</subfield></datafield><datafield ind1="1" ind2="0" tag="245"><subfield code="a">Sa&#699;d al-Su&#699;u&#772;d</subfield><subfield code="h">[electronic resource] :</subfield><subfield code="b">kita&#772;b &#699;ilmi&#772; di&#772;ni&#772; fanni&#772; yatanw&#772;al a&#772;ya&#772;t al-dhikr al-h&#803;aki&#772;m bi-tafsi&#772;r daqi&#772;q wa-sharh&#803; wa&#772;fi mufi&#772;d ma&#699;a isti&#699;ra&#772;d&#803; &#699;a&#772;mm li-a&#772;ra&#772;&#700; jumlah min al-&#699;ulama&#772;&#700; al-thiqa&#772;t wa-muna&#772;qashat aqwa&#772;lihim /</subfield><subfield code="c">ta&#700;li&#772;f Rad&#803;i&#772; al-Di&#772;n Abi&#772; al-Qa&#772;sim &#699;Ali&#772; ibn Mu&#772;sa&#769; ibn Ja&#699;far ibn Muh&#803;ammad ibn T&#803;a&#772;wu&#772;s al-H&#803;usni&#772; al-H&#803;usayni&#772;.</subfield></datafield><datafield ind1=" " ind2=" " tag="260"><subfield code="a">[Qum :</subfield><subfield code="b">Manshu&#772;ra&#772;t al-Rad&#803;i&#772;,</subfield><subfield code="c">198-?]</subfield></datafield><datafield ind1=" " ind2=" " tag="300"><subfield code="a">online resource (313 p.)</subfield></datafield><datafield ind1=" " ind2=" " tag="500"><subfield code="a">Part of the Arabic Collections Online (ACO) project, contributed by Cornell University Libraries.</subfield></datafield><datafield ind1=" " ind2=" " tag="533"><subfield code="a">Electronic reproduction.</subfield><subfield code="b">New York, N.Y. :</subfield><subfield code="c">New York University,</subfield><subfield code="d">2015.</subfield><subfield code="5">NNU</subfield></datafield><datafield ind1=" " ind2=" " tag="534"><subfield code="p">Reprint. Originally published:</subfield><subfield code="b">1st ed.</subfield><subfield code="c">Qum : Manshu&#772;ra&#772;t al-Rad&#803;i&#772;, 1363 [1944 or 5].</subfield></datafield><datafield ind1=" " ind2="0" tag="650"><subfield code="a">Shi&#772;&#699;ah</subfield><subfield code="x">Doctrines.</subfield></datafield><datafield ind1=" " ind2="7" tag="650"><subfield code="a">Shi&#772;&#699;ah</subfield><subfield code="x">Doctrines.</subfield><subfield code="2">fast</subfield><subfield code="0">(OCoLC)fst01117948</subfield></datafield><datafield ind1="2" ind2=" " tag="710"><subfield code="a">Cornell University.</subfield><subfield code="b">Libraries.</subfield></datafield><datafield ind1="0" ind2=" " tag="730"><subfield code="a">Arabic Collections Online.</subfield></datafield><datafield ind1="0" ind2="8" tag="776"><subfield code="i">Print version:</subfield><subfield code="a">Ibn T&#803;a&#772;wu&#772;s, &#699;Ali&#772; ibn Mu&#772;sa&#769;, 1193-1266.</subfield><subfield code="t">Sa&#699;d al-Su&#699;u&#772;d</subfield><subfield code="w">(NIC)1015398</subfield><subfield code="w">(OCoLC)63215334</subfield></datafield><datafield ind1="4" ind2="0" tag="856"><subfield code="u">http://hdl.handle.net/2333.1/mw6m92kk</subfield></datafield><datafield ind1=" " ind2=" " tag="959"><subfield code="a">NNU</subfield><subfield code="b">WEB</subfield><subfield code="c">GENI</subfield><subfield code="t">0</subfield><subfield code="m">Electronic access</subfield><subfield code="s">01</subfield></datafield><datafield ind1=" " ind2=" " tag="999"><subfield code="i">NIC_1015398</subfield><subfield code="o">(OCoLC)ocm63215334 </subfield><subfield code="s">cornell_aco000320</subfield><subfield code="e">(ERROR-880)</subfield></datafield></record>